<record><leader>00000cas a2200000 a 4500</leader><controlfield tag="001">9660837</controlfield><controlfield tag="008">830630d18251831maudn ne      0    0eng c</controlfield><datafield ind1=" " ind2=" " tag="010"><subfield code="a">sn 83020951 </subfield></datafield><datafield ind1=" " ind2=" " tag="040"><subfield code="a">NPX</subfield><subfield code="b">eng</subfield><subfield code="c">NPX</subfield><subfield code="d">NPU</subfield><subfield code="d">DLC</subfield><subfield code="d">NPA</subfield><subfield code="d">MFN</subfield><subfield code="d">MGN</subfield><subfield code="d">NVH</subfield><subfield code="d">YOX</subfield><subfield code="d">MGN</subfield><subfield code="d">CNK</subfield><subfield code="d">NVF</subfield><subfield code="d">TGN</subfield><subfield code="d">OCL</subfield><subfield code="d">DLC</subfield><subfield code="d">KRTAS</subfield><subfield code="d">OCLCQ</subfield><subfield code="d">OCLCF</subfield><subfield code="d">OCLCO</subfield><subfield code="d">CUS</subfield></datafield><datafield ind1=" " ind2=" " tag="042"><subfield code="a">pcc</subfield></datafield><datafield ind1=" " ind2=" " tag="043"><subfield code="a">n-us-ma</subfield></datafield><datafield ind1="1" ind2="4" tag="050"><subfield code="a">AN</subfield></datafield><datafield ind1="0" ind2="0" tag="050"><subfield code="a">Newspaper 8234</subfield></datafield><datafield ind1="0" ind2="0" tag="245"><subfield code="a">Boston patriot &amp; mercantile advertiser.</subfield></datafield><datafield ind1="3" ind2=" " tag="246"><subfield code="a">Boston patriot and mercantile advertiser</subfield></datafield><datafield ind1="3" ind2="0" tag="246"><subfield code="a">Boston patriot and daily mercantile advertiser</subfield></datafield><datafield ind1=" " ind2=" " tag="260"><subfield code="a">Boston [Mass.] :</subfield><subfield code="b">Ballard &amp; Wright</subfield></datafield><datafield ind1=" " ind2=" " tag="300"><subfield code="a">volumes</subfield></datafield><datafield ind1=" " ind2=" " tag="310"><subfield code="a">Daily (except Sunday)</subfield></datafield><datafield ind1=" " ind2=" " tag="336"><subfield code="a">text</subfield><subfield code="b">txt</subfield><subfield code="2">rdacontent</subfield></datafield><datafield ind1=" " ind2=" " tag="337"><subfield code="a">unmediated</subfield><subfield code="b">n</subfield><subfield code="2">rdamedia</subfield></datafield><datafield ind1=" " ind2=" " tag="338"><subfield code="a">volume</subfield><subfield code="b">nc</subfield><subfield code="2">rdacarrier</subfield></datafield><datafield ind1="0" ind2=" " tag="362"><subfield code="a">Vol. 16, no. 2368 (Jan. 17, 1825)-v. 29, no. 4514 (Dec. 31, 1831).</subfield></datafield><datafield ind1=" " ind2=" " tag="580"><subfield code="a">Merged with: Boston daily advertiser (Boston, Mass. : 1813), to become: Boston daily advertiser &amp; patriot.</subfield></datafield><datafield ind1=" " ind2="0" tag="651"><subfield code="a">Boston (Mass.)</subfield><subfield code="v">Newspapers.</subfield></datafield><datafield ind1=" " ind2="7" tag="651"><subfield code="a">Massachusetts</subfield><subfield code="z">Boston.</subfield><subfield code="2">fast</subfield><subfield code="0">(OCoLC)fst01205012</subfield></datafield><datafield ind1=" " ind2="7" tag="655"><subfield code="a">Newspapers.</subfield><subfield code="2">fast</subfield><subfield code="0">(OCoLC)fst01423814</subfield></datafield><datafield ind1=" " ind2=" " tag="752"><subfield code="a">United States</subfield><subfield code="b">Massachusetts</subfield><subfield code="c">Suffolk</subfield><subfield code="d">Boston.</subfield></datafield><datafield ind1="0" ind2=" " tag="775"><subfield code="t">Independent chronicle &amp; Boston patriot (Boston, Mass. : Semiweekly)</subfield><subfield code="w">(DLC)sn 83021192</subfield><subfield code="w">(OCoLC)9881700</subfield></datafield><datafield ind1="0" ind2="0" tag="780"><subfield code="t">Boston patriot &amp; daily mercantile advertiser</subfield><subfield code="w">(DLC)sn 83020950</subfield><subfield code="w">(OCoLC)9660270</subfield></datafield><datafield ind1="0" ind2="7" tag="785"><subfield code="t">Boston daily advertiser (Boston, Mass. : 1813)</subfield><subfield code="w">(DLC)sn 83020953</subfield><subfield code="w">(OCoLC)9769486</subfield></datafield><datafield ind1="0" ind2="7" tag="785"><subfield code="t">Boston daily advertiser &amp; patriot</subfield><subfield code="w">(DLC)sn 83045166</subfield><subfield code="w">(OCoLC)9781575</subfield></datafield><datafield ind1=" " ind2=" " tag="938"><subfield code="a">Kirtas Technologies, Inc.</subfield><subfield code="b">KRTS</subfield><subfield code="n">736990</subfield></datafield><datafield ind1="1" ind2=" " tag="029"><subfield code="a">AU@</subfield><subfield code="b">000002913223</subfield></datafield></record>